1704404579,bid,44323.21,5.1922
1704404579,bid,44323.2,0.22536
1704404579,bid,44323.19,1.19909
1704404579,bid,44323.03,0.23665
1704404579,bid,44323.02,0.3072
1704404579,bid,44322.7,0.00076
1704404579,bid,44322.54,0.28
1704404579,bid,44322.44,0.00076
1704404579,bid,44322.42,0.22303
1704404579,bid,44322.18,0.00076
1704404579,ask,44323.22,0.28747
1704404579,ask,44323.3,0.0009
1704404579,ask,44323.48,0.00076
1704404579,ask,44323.53,0.20139
1704404579,ask,44323.54,0.1858
1704404579,ask,44323.61,0.00687
1704404579,ask,44323.74,0.00076
1704404579,ask,44324.0,0.11376
1704404579,ask,44324.26,0.00076
1704404579,ask,44324.52,0.00076
1704404645,bid,44283.93,1.91705
1704404645,bid,44283.86,0.30008
1704404645,bid,44283.7,0.00076
1704404645,bid,44283.57,0.00689
1704404645,bid,44283.44,0.00076
1704404645,bid,44283.18,0.00076
1704404645,bid,44282.92,0.00076
1704404645,bid,44282.66,0.00076
1704404645,bid,44282.4,0.00076
1704404645,bid,44282.35,0.02721
1704404645,ask,44283.94,6.46429
1704404645,ask,44283.97,0.28045
1704404645,ask,44284.0,0.113
1704404645,ask,44284.22,0.00076
1704404645,ask,44284.23,0.39929
1704404645,ask,44284.37,0.0445
1704404645,ask,44284.48,0.00076
1704404645,ask,44284.49,0.45812
1704404645,ask,44284.74,0.00076
1704404645,ask,44284.75,0.24002
1704404712,bid,44263.99,3.33466
1704404712,bid,44263.68,0.00076
1704404712,bid,44263.42,0.00076
1704404712,bid,44263.16,0.00076
1704404712,bid,44262.9,0.00076
1704404712,bid,44262.64,0.00076
1704404712,bid,44262.38,0.00076
1704404712,bid,44262.12,0.00076
1704404712,bid,44262.0,0.113
1704404712,bid,44261.86,0.00076
1704404712,ask,44264.0,2.9888
1704404712,ask,44264.01,0.34868
1704404712,ask,44264.2,0.00076
1704404712,ask,44264.36,0.96618
1704404712,ask,44264.42,0.1511
1704404712,ask,44264.46,0.00076
1704404712,ask,44264.72,0.00076
1704404712,ask,44264.98,0.00076
1704404712,ask,44265.24,0.00076
1704404712,ask,44265.38,0.24003
1704404762,bid,44273.8,0.73795
1704404762,bid,44273.69,0.00683
1704404762,bid,44273.57,0.00691
1704404762,bid,44273.56,0.00076
1704404762,bid,44273.4,0.21209
1704404762,bid,44273.3,0.00076
1704404762,bid,44273.04,0.00076
1704404762,bid,44272.78,0.00076
1704404762,bid,44272.6,0.96121
1704404762,bid,44272.52,0.00076
1704404762,ask,44273.81,4.84845
1704404762,ask,44273.83,2.16177
1704404762,ask,44274.0,0.113
1704404762,ask,44274.08,0.00076
1704404762,ask,44274.34,0.00076
1704404762,ask,44275.53,0.16808
1704404762,ask,44275.54,0.28
1704404762,ask,44275.64,0.00076
1704404762,ask,44275.66,2.55448
1704404762,ask,44275.9,0.06264
1704404763,bid,0.5689,1333.8
1704404763,bid,0.5688,6170.0
1704404763,bid,0.5687,22531.1
1704404763,bid,0.5686,51453.1
1704404763,bid,0.5685,45123.6
1704404763,bid,0.5684,83279.2
1704404763,bid,0.5683,44592.3
1704404763,bid,0.5682,44206.5
1704404763,bid,0.5681,10839.9
1704404763,bid,0.568,202244.7
1704404763,ask,0.569,11699.0
1704404763,ask,0.5691,21829.7
1704404763,ask,0.5692,95752.0
1704404763,ask,0.5693,63638.7
1704404763,ask,0.5694,59940.6
1704404763,ask,0.5695,68266.1
1704404763,ask,0.5696,92090.0
1704404763,ask,0.5697,31831.7
1704404763,ask,0.5698,38980.2
1704404763,ask,0.5699,102843.7
1704404764,bid,0.05132,25.756
1704404764,bid,0.05131,35.6009
1704404764,bid,0.0513,31.7789
1704404764,bid,0.05129,27.598
1704404764,bid,0.05128,19.1231
1704404764,bid,0.05127,21.1517
1704404764,bid,0.05126,14.2688
1704404764,bid,0.05125,8.7885
1704404764,bid,0.05124,41.9278
1704404764,bid,0.05123,11.4425
1704404764,ask,0.05133,40.5045
1704404764,ask,0.05134,16.5537
1704404764,ask,0.05135,39.1755
1704404764,ask,0.05136,22.238
1704404764,ask,0.05137,11.2507
1704404764,ask,0.05138,16.9196
1704404764,ask,0.05139,8.0219
1704404764,ask,0.0514,6.6996
1704404764,ask,0.05141,4.5348
1704404764,ask,0.05142,22.965
1704404765,bid,0.5889,165003.0
1704404765,bid,0.5888,125698.0
1704404765,bid,0.5887,105468.0
1704404765,bid,0.5886,143660.0
1704404765,bid,0.5885,144809.0
1704404765,bid,0.5884,58756.0
1704404765,bid,0.5883,87591.0
1704404765,bid,0.5882,117344.0
1704404765,bid,0.5881,39365.0
1704404765,bid,0.588,134513.0
1704404765,ask,0.589,56551.0
1704404765,ask,0.5891,28008.0
1704404765,ask,0.5892,43979.0
1704404765,ask,0.5893,77872.0
1704404765,ask,0.5894,83392.0
1704404765,ask,0.5895,233565.0
1704404765,ask,0.5896,65963.0
1704404765,ask,0.5897,146927.0
1704404765,ask,0.5898,27069.0
1704404765,ask,0.5899,36967.0
1704404766,bid,0.00724,6.608
1704404766,bid,0.007239,9.242
1704404766,bid,0.007238,7.547
1704404766,bid,0.007237,9.984
1704404766,bid,0.007236,5.318
1704404766,bid,0.007234,1.721
1704404766,bid,0.007233,4.382
1704404766,bid,0.007232,2.771
1704404766,bid,0.007231,0.482
1704404766,bid,0.007228,7.486
1704404766,ask,0.007241,4.943
1704404766,ask,0.007242,22.555
1704404766,ask,0.007243,5.749
1704404766,ask,0.007244,4.149
1704404766,ask,0.007245,7.567
1704404766,ask,0.007246,5.476
1704404766,ask,0.007247,2.888
1704404766,ask,0.007248,8.003
1704404766,ask,0.007249,4.492
1704404766,ask,0.00725,1.696
1704404767,bid,7.854,381.08
1704404767,bid,7.853,50.8
1704404767,bid,7.852,87.56
1704404767,bid,7.851,658.59
1704404767,bid,7.85,692.12
1704404767,bid,7.849,3276.83
1704404767,bid,7.848,1956.71
1704404767,bid,7.847,753.84
1704404767,bid,7.846,989.82
1704404767,bid,7.845,81.68
1704404767,ask,7.855,38.44
1704404767,ask,7.856,471.47
1704404767,ask,7.857,724.3
1704404767,ask,7.858,1433.21
1704404767,ask,7.859,2114.82
1704404767,ask,7.86,462.35
1704404767,ask,7.861,467.85
1704404767,ask,7.862,939.41
1704404767,ask,7.863,1271.25
1704404767,ask,7.864,678.98
1704404768,bid,105.34,199.39
1704404768,bid,105.33,135.06
1704404768,bid,105.32,305.48
1704404768,bid,105.31,278.18
1704404768,bid,105.3,140.08
1704404768,bid,105.29,165.75
1704404768,bid,105.28,196.58
1704404768,bid,105.27,156.63
1704404768,bid,105.26,261.03
1704404768,bid,105.25,492.73
1704404768,ask,105.35,93.2
1704404768,ask,105.36,357.79
1704404768,ask,105.37,38.2
1704404768,ask,105.38,20.65
1704404768,ask,105.39,216.26
1704404768,ask,105.4,198.0
1704404768,ask,105.41,156.68
1704404768,ask,105.42,182.78
1704404768,ask,105.43,513.88
1704404768,ask,105.44,97.59
1704404768,bid,0.8798,2386.9
1704404768,bid,0.8797,6082.3
1704404768,bid,0.8796,11926.4
1704404768,bid,0.8795,17976.5
1704404768,bid,0.8794,16678.6
1704404768,bid,0.8793,23763.6
1704404768,bid,0.8792,9919.6
1704404768,bid,0.8791,20445.6
1704404768,bid,0.879,18141.8
1704404768,bid,0.8789,10694.8
1704404768,ask,0.8799,13323.7
1704404768,ask,0.88,12227.7
1704404768,ask,0.8801,8965.5
1704404768,ask,0.8802,7436.5
1704404768,ask,0.8803,13490.2
1704404768,ask,0.8804,28590.1
1704404768,ask,0.8805,7165.2
1704404768,ask,0.8806,6299.2
1704404768,ask,0.8807,42711.0
1704404768,ask,0.8808,9692.6
1704404769,bid,0.08392,131855.0
1704404769,bid,0.08391,303426.0
1704404769,bid,0.0839,162548.0
1704404769,bid,0.08389,237073.0
1704404769,bid,0.08388,184414.0
1704404769,bid,0.08387,217275.0
1704404769,bid,0.08386,65693.0
1704404769,bid,0.08385,41811.0
1704404769,bid,0.08384,178773.0
1704404769,bid,0.08383,85092.0
1704404769,ask,0.08393,27856.0
1704404769,ask,0.08394,321200.0
1704404769,ask,0.08395,121981.0
1704404769,ask,0.08396,259205.0
1704404769,ask,0.08397,259297.0
1704404769,ask,0.08398,120673.0
1704404769,ask,0.08399,175334.0
1704404769,ask,0.084,117347.0
1704404769,ask,0.08401,18705.0
1704404769,ask,0.08402,77699.0
1704404770,bid,14.533,289.01
1704404770,bid,14.532,137.98
1704404770,bid,14.531,71.86
1704404770,bid,14.53,55.84
1704404770,bid,14.529,905.86
1704404770,bid,14.528,2409.34
1704404770,bid,14.527,331.79
1704404770,bid,14.526,411.92
1704404770,bid,14.525,281.7
1704404770,bid,14.524,638.31
1704404770,ask,14.534,50.0
1704404770,ask,14.535,409.99
1704404770,ask,14.536,463.95
1704404770,ask,14.537,263.57
1704404770,ask,14.538,236.13
1704404770,ask,14.539,150.56
1704404770,ask,14.54,666.54
1704404770,ask,14.541,2219.24
1704404770,ask,14.542,104.83
1704404770,ask,14.543,2976.97
1704405596,bid,44426.64,5.22933
1704405596,bid,44426.49,0.24
1704405596,bid,44426.0,0.113
1704405596,bid,44425.55,0.14407
1704405596,bid,44425.54,0.24
1704405596,bid,44424.91,0.24
1704405596,bid,44424.88,0.02633
1704405596,bid,44424.42,0.00698
1704405596,bid,44424.01,0.16808
1704405596,bid,44424.0,0.113
1704405596,ask,44426.65,0.49417
1704405596,ask,44426.67,0.00647
1704405596,ask,44426.69,0.00668
1704405596,ask,44426.7,0.02356
1704405596,ask,44426.73,0.88916
1704405596,ask,44426.89,0.00176
1704405596,ask,44426.96,0.00346
1704405596,ask,44427.08,0.16783
1704405596,ask,44427.22,0.00076
1704405596,ask,44427.48,0.00076
1704405597,bid,0.571,17960.0
1704405597,bid,0.5709,20654.6
1704405597,bid,0.5708,21952.9
1704405597,bid,0.5707,48517.3
1704405597,bid,0.5706,106742.0
1704405597,bid,0.5705,50153.2
1704405597,bid,0.5704,77431.0
1704405597,bid,0.5703,31838.4
1704405597,bid,0.5702,22887.5
1704405597,bid,0.5701,24635.2
1704405597,ask,0.5711,1578.2
1704405597,ask,0.5712,19955.2
1704405597,ask,0.5713,77544.1
1704405597,ask,0.5714,58087.9
1704405597,ask,0.5715,48219.3
1704405597,ask,0.5716,82512.1
1704405597,ask,0.5717,26284.0
1704405597,ask,0.5718,197337.1
1704405597,ask,0.5719,29414.6
1704405597,ask,0.572,115191.8
1704405597,bid,0.05115,45.5248
1704405597,bid,0.05114,28.5368
1704405597,bid,0.05113,34.7409
1704405597,bid,0.05112,39.8724
1704405597,bid,0.05111,11.5549
1704405597,bid,0.0511,46.2406
1704405597,bid,0.05109,38.1088
1704405597,bid,0.05108,18.2725
1704405597,bid,0.05107,8.7831
1704405597,bid,0.05106,6.2963
1704405597,ask,0.05116,17.7745
1704405597,ask,0.05117,34.853
1704405597,ask,0.05118,33.395
1704405597,ask,0.05119,18.9613
1704405597,ask,0.0512,30.9939
1704405597,ask,0.05121,20.8029
1704405597,ask,0.05122,24.3005
1704405597,ask,0.05123,16.3759
1704405597,ask,0.05124,30.3933
1704405597,ask,0.05125,5.7854
1704405598,bid,0.5906,118489.0
1704405598,bid,0.5905,80736.0
1704405598,bid,0.5904,87815.0
1704405598,bid,0.5903,184549.0
1704405598,bid,0.5902,79240.0
1704405598,bid,0.5901,133957.0
1704405598,bid,0.59,59550.0
1704405598,bid,0.5899,43008.0
1704405598,bid,0.5898,59480.0
1704405598,bid,0.5897,175692.0
1704405598,ask,0.5907,61756.0
1704405598,ask,0.5908,24266.0
1704405598,ask,0.5909,26143.0
1704405598,ask,0.591,115536.0
1704405598,ask,0.5911,169010.0
1704405598,ask,0.5912,57485.0
1704405598,ask,0.5913,87945.0
1704405598,ask,0.5914,127356.0
1704405598,ask,0.5915,24358.0
1704405598,ask,0.5916,79597.0
1704405598,bid,0.00723,5.687
1704405598,bid,0.007229,7.702
1704405598,bid,0.007228,8.737
1704405598,bid,0.007227,7.184
1704405598,bid,0.007226,2.812
1704405598,bid,0.007225,7.586
1704405598,bid,0.007224,7.643
1704405598,bid,0.007223,5.423
1704405598,bid,0.007222,83.193
1704405598,bid,0.007221,11.036
1704405598,ask,0.007231,14.438
1704405598,ask,0.007232,2.331
1704405598,ask,0.007233,32.661
1704405598,ask,0.007234,12.955
1704405598,ask,0.007235,12.25
1704405598,ask,0.007236,4.213
1704405598,ask,0.007237,15.114
1704405598,ask,0.007238,6.012
1704405598,ask,0.007239,10.785
1704405598,ask,0.00724,2.115
1704405599,bid,7.884,33.91
1704405599,bid,7.883,455.48
1704405599,bid,7.882,246.98
1704405599,bid,7.881,679.74
1704405599,bid,7.88,2176.8
1704405599,bid,7.879,771.43
1704405599,bid,7.878,554.13
1704405599,bid,7.877,2661.01
1704405599,bid,7.876,3215.43
1704405599,bid,7.875,212.51
1704405599,ask,7.885,155.63
1704405599,ask,7.886,444.05
1704405599,ask,7.887,774.07
1704405599,ask,7.888,2545.07
1704405599,ask,7.889,3143.63
1704405599,ask,7.89,442.83
1704405599,ask,7.891,2236.94
1704405599,ask,7.892,4061.25
1704405599,ask,7.893,374.09
1704405599,ask,7.894,961.99
1704405600,bid,105.58,98.66
1704405600,bid,105.57,338.23
1704405600,bid,105.56,135.8
1704405600,bid,105.55,155.55
1704405600,bid,105.54,273.81
1704405600,bid,105.53,233.91
1704405600,bid,105.52,427.56
1704405600,bid,105.51,191.0
1704405600,bid,105.5,22.83
1704405600,bid,105.49,185.29
1704405600,ask,105.59,229.85
1704405600,ask,105.6,225.45
1704405600,ask,105.61,223.99
1704405600,ask,105.62,196.84
1704405600,ask,105.63,118.71
1704405600,ask,105.64,363.03
1704405600,ask,105.65,523.57
1704405600,ask,105.66,241.08
1704405600,ask,105.67,250.26
1704405600,ask,105.68,620.5
1704405600,bid,0.8817,9322.6
1704405600,bid,0.8816,14792.0
1704405600,bid,0.8815,10273.5
1704405600,bid,0.8814,13114.8
1704405600,bid,0.8813,31137.0
1704405600,bid,0.8812,8061.1
1704405600,bid,0.8811,11937.7
1704405600,bid,0.881,12740.1
1704405600,bid,0.8809,19865.1
1704405600,bid,0.8808,65150.6
1704405600,ask,0.8818,15437.1
1704405600,ask,0.8819,21273.5
1704405600,ask,0.882,12751.2
1704405600,ask,0.8821,15097.1
1704405600,ask,0.8822,7565.7
1704405600,ask,0.8823,8461.8
1704405600,ask,0.8824,22461.2
1704405600,ask,0.8825,27650.9
1704405600,ask,0.8826,14745.9
1704405600,ask,0.8827,5660.1
1704405601,bid,0.08406,147700.0
1704405601,bid,0.08405,183927.0
1704405601,bid,0.08404,172334.0
1704405601,bid,0.08403,219953.0
1704405601,bid,0.08402,176377.0
1704405601,bid,0.08401,220173.0
1704405601,bid,0.084,224299.0
1704405601,bid,0.08399,83592.0
1704405601,bid,0.08398,460334.0
1704405601,bid,0.08397,105496.0
1704405601,ask,0.08407,51482.0
1704405601,ask,0.08408,160154.0
1704405601,ask,0.08409,88778.0
1704405601,ask,0.0841,138623.0
1704405601,ask,0.08411,158126.0
1704405601,ask,0.08412,38588.0
1704405601,ask,0.08413,68422.0
1704405601,ask,0.08414,186637.0
1704405601,ask,0.08415,64923.0
1704405601,ask,0.08416,167288.0
1704405601,bid,14.589,186.92
1704405601,bid,14.588,118.41
1704405601,bid,14.587,112.11
1704405601,bid,14.586,203.87
1704405601,bid,14.585,389.39
1704405601,bid,14.584,1077.16
1704405601,bid,14.583,1485.22
1704405601,bid,14.582,209.88
1704405601,bid,14.581,596.39
1704405601,bid,14.58,1020.79
1704405601,ask,14.59,1922.55
1704405601,ask,14.591,159.46
1704405601,ask,14.592,294.64
1704405601,ask,14.593,461.7
1704405601,ask,14.594,0.59
1704405601,ask,14.595,776.4
1704405601,ask,14.596,3985.01
1704405601,ask,14.597,343.43
1704405601,ask,14.598,1539.57
1704405601,ask,14.599,4978.54
